% THEORY BOOKS

@book{example-book,
  author = {Autore del libro},
  title = {Titolo del libro},
  year = {Anno di pubblicazione},
  publisher = {Editore},
  address = {Citt√† di pubblicazione},
  isbn = {ISBN (se disponibile)}
}


%CHAPTER 
@book{Cengel,
    author = {Yunus A. Cengel},
    title = {Termodinamica e trasmissione del calore},
    publisher = {McGraw-Hill}
    
}



